@book{Aho:72,
    author  = {Alfred V. Aho and Jeffrey D. Ullman},
    title   = {The Theory of Parsing, Translation and Compiling},
    year    = "1972",
    volume  = "1",
    publisher = {Prentice-Hall},
    address = {Englewood Cliffs, NJ}
}

@book{APA:83,
    author  = {{American Psychological Association}},
    title   = {Publications Manual},
    year    = "1983",
   publisher = {American Psychological Association},
   address = {Washington, DC}
}

@article{ACM:83,
	year = "1983",
	author = {{Association for Computing Machinery}},
	journal = {Computing Reviews},
	volume = "24",
	number = "11",
	pages = "503--512"
}

@article{Chandra:81,
	author = {Ashok K. Chandra and Dexter C. Kozen and Larry J. Stockmeyer},
	year = "1981",
	title = {Alternation},
	journal = {Journal of the Association for Computing Machinery},
	volume = "28",
	number = "1",
	pages = "114--133",
	doi = "10.1145/322234.322243",
}

@book{Gusfield:97,
    author  = {Dan Gusfield},
    title   = {Algorithms on Strings, Trees and Sequences},
    year    = "1997",
    publisher = {Cambridge University Press},
    address = {Cambridge, UK}
}

@InProceedings{P16-1001,
  author =	{Goodman, James
  	 and Vlachos, Andreas
	     and Naradowsky, Jason},
  title =    "Noise reduction and targeted exploration in imitation learning for      Abstract Meaning Representation parsing    ",
  booktitle = 	    "Proceedings of the 54th Annual Meeting of the Association for      Computational Linguistics (Volume 1: Long Papers)    ",
  year =    "2016",
  publisher =	"Association for Computational Linguistics",
  pages =   "1--11",
  location =	"Berlin, Germany",
  doi =    "10.18653/v1/P16-1001",
  url =    "http://aclweb.org/anthology/P16-1001"
}

@InProceedings{C14-1001,
  author =	"Harper, Mary",
  title = 	"Learning from 26 Languages: Program Management and Science in the Babel Program",
  booktitle = 	"Proceedings of COLING 2014, the 25th International Conference on Computational Linguistics: Technical Papers",
  year =    "2014",
  publisher =	"Dublin City University and Association for Computational Linguistics",
  pages =   "1",
  location =	"Dublin, Ireland",
  url =    "http://aclweb.org/anthology/C14-1001"
}

@inproceedings{dauphin2017language,
  title={Language Modeling with Gated Convolutional Networks},
  author={Dauphin, Yann N and Fan, Angela and Auli, Michael and Grangier, David},
  booktitle={International Conference on Machine Learning},
  pages={933--941},
  year={2017}
}

@inproceedings{wen2017network,
  title={A Network-based End-to-End Trainable Task-oriented Dialogue System},
  author={Wen, Tsung-Hsien and Vandyke, David and Mrk{\v{s}}i{\'c}, Nikola and Gasic, Milica and Barahona, Lina M Rojas and Su, Pei-Hao and Ultes, Stefan and Young, Steve},
  booktitle={Proceedings of the 15th Conference of the European Chapter of the Association for Computational Linguistics: Volume 1, Long Papers},
  volume={1},
  pages={438--449},
  year={2017}
}

@article{li2015visualizing,
  title={Visualizing and understanding neural models in NLP},
  author={Li, Jiwei and Chen, Xinlei and Hovy, Eduard and Jurafsky, Dan},
  journal={arXiv preprint arXiv:1506.01066},
  year={2015}
}

@article{karpathy2015visualizing,
  title={Visualizing and understanding recurrent networks},
  author={Karpathy, Andrej and Johnson, Justin and Fei-Fei, Li},
  journal={arXiv preprint arXiv:1506.02078},
  year={2015}
}



@inproceedings{adel2017global,
  title={Global Normalization of Convolutional Neural Networks for Joint Entity and Relation Classification},
  author={Adel, Heike and Sch{\"u}tze, Hinrich},
  booktitle={Proceedings of the 2017 Conference on Empirical Methods in Natural Language Processing},
  pages={1723--1729},
  year={2017}
}

@inproceedings{kim2014convolutional,
  title={Convolutional Neural Networks for Sentence Classification},
  author={Kim, Yoon},
  booktitle={Proceedings of the 2014 Conference on Empirical Methods in Natural Language Processing (EMNLP)},
  pages={1746--1751},
  year={2014}
}

@inproceedings{kalchbrenner2014convolutional,
  title={A Convolutional Neural Network for Modelling Sentences},
  author={Kalchbrenner, Nal and Grefenstette, Edward and Blunsom, Phil},
  booktitle={Proceedings of the 52nd Annual Meeting of the Association for Computational Linguistics (Volume 1: Long Papers)},
  volume={1},
  pages={655--665},
  year={2014}
}

@article{yin2017comparative,
  title={Comparative study of cnn and rnn for natural language processing},
  author={Yin, Wenpeng and Kann, Katharina and Yu, Mo and Sch{\"u}tze, Hinrich},
  journal={arXiv preprint arXiv:1702.01923},
  year={2017}
}


@inproceedings{zeiler2014visualizing,
  title={Visualizing and understanding convolutional networks},
  author={Zeiler, Matthew D and Fergus, Rob},
  booktitle={European conference on computer vision},
  pages={818--833},
  year={2014},
  organization={Springer}
}

@inproceedings{noh2015learning,
  title={Learning deconvolution network for semantic segmentation},
  author={Noh, Hyeonwoo and Hong, Seunghoon and Han, Bohyung},
  booktitle={Proceedings of the IEEE International Conference on Computer Vision},
  pages={1520--1528},
  year={2015}
}
